@inproceedings{pan2012investigation,
  title={Investigation of deep neural networks (DNN) for large vocabulary continuous speech recognition: Why DNN surpasses GMMs in acoustic modeling},
  author={Pan, Jia and Liu, Cong and Wang, Zhiguo and Hu, Yu and Jiang, Hui},
  booktitle={2012 8th International Symposium on Chinese Spoken Language Processing},
  pages={301--305},
  year={2012},
  organization={IEEE}
}